@ARTICLE{em,  author={L. R. {Rabiner}},  journal={Proceedings of the IEEE},   title={A tutorial on hidden Markov models and selected applications in speech recognition},   year={1989},  volume={77},  number={2},  pages={257-286},  doi={10.1109/5.18626}}